<collection xmlns="http://www.loc.gov/MARC21/slim">
<record>
  <leader>01043nam0a22002291i 450 </leader>
  <controlfield tag="001">IT\ICCU\CNCE\068662</controlfield>
  <controlfield tag="005">20061026000000.0</controlfield>
  <datafield tag="100" ind1=" " ind2=" ">
    <subfield code="a">20061026d1512        0itac0103    ba</subfield>
  </datafield>
  <datafield tag="101" ind1=" " ind2=" ">
    <subfield code="a">ITA</subfield>
  </datafield>
  <datafield tag="102" ind1=" " ind2=" ">
    <subfield code="a">IT</subfield>
  </datafield>
  <datafield tag="200" ind1="1" ind2=" ">
    <subfield code="a">Rispetti damore \!! di maestro Marco da Fuligno &amp; di pi ̮auctori. Nuouamente stampati</subfield>
  </datafield>
  <datafield tag="210" ind1=" " ind2=" ">
    <subfield code="e">Impresso in Siena</subfield>
    <subfield code="g">per Symione di Niccolo</subfield>
    <subfield code="h">&amp; Giouanni di Alixandro librai da Siena</subfield>
    <subfield code="h">1512</subfield>
  </datafield>
  <datafield tag="215" ind1=" " ind2=" ">
    <subfield code="a">\16! c.</subfield>
    <subfield code="d">8ʻ</subfield>
  </datafield>
  <datafield tag="620" ind1=" " ind2=" ">
    <subfield code="a">IT</subfield>
    <subfield code="d">Siena</subfield>
  </datafield>
  <datafield tag="700" ind1=" " ind2="1">
    <subfield code="a">Rosiglia,</subfield>
    <subfield code="b">Marco</subfield>
    <subfield code="3">IT\ICCU\CNCA\010493</subfield>
  </datafield>
  <datafield tag="712" ind1="0" ind2="0">
    <subfield code="a">Nardi, Simone &amp; Landi, Giovanni</subfield>
    <subfield code="3">IT\ICCU\CNCT\001197</subfield>
    <subfield code="4">650</subfield>
  </datafield>
  <datafield tag="790" ind1=" " ind2="1">
    <subfield code="a">Rasilia,</subfield>
    <subfield code="b">Marcho</subfield>
    <subfield code="3">IT\ICCU\CNCA\023192</subfield>
    <subfield code="z">Rosiglia, Marco</subfield>
  </datafield>
  <datafield tag="790" ind1=" " ind2="1">
    <subfield code="a">Rossiglia,</subfield>
    <subfield code="b">Marcho</subfield>
    <subfield code="3">IT\ICCU\CNCA\023193</subfield>
    <subfield code="z">Rosiglia, Marco</subfield>
  </datafield>
  <datafield tag="790" ind1=" " ind2="1">
    <subfield code="a">Rasiglia,</subfield>
    <subfield code="b">Marco</subfield>
    <subfield code="3">IT\ICCU\CNCA\023194</subfield>
    <subfield code="z">Rosiglia, Marco</subfield>
  </datafield>
  <datafield tag="791" ind1="0" ind2="2">
    <subfield code="a">Simione di Niccolo &amp; Giovanni di Alixandro</subfield>
    <subfield code="3">IT\ICCU\CNCT\002408</subfield>
    <subfield code="z">Nardi, Simone &amp; Landi, Giovanni</subfield>
  </datafield>
  <datafield tag="791" ind1="0" ind2="2">
    <subfield code="a">Symeone di Nicolo &amp; Giovanni di Alexandro</subfield>
    <subfield code="3">IT\ICCU\CNCT\002409</subfield>
    <subfield code="z">Nardi, Simone &amp; Landi, Giovanni</subfield>
  </datafield>
  <datafield tag="801" ind1=" " ind2="3">
    <subfield code="a">IT</subfield>
    <subfield code="b">ICCU</subfield>
    <subfield code="c">20201115</subfield>
  </datafield>
</record>
</collection>
